@InBook{daniels,
author = {M. A. Daniels},
title = {Principles of Configuration Management},
chapter = {2, 3, 4 and 5: Configuration Control; Configuration Identification; Configuration Status Accounting; Audits and Reviews},
publisher = {Advanced Applications Consultants, Inc.},
year = {1985},
pages = {19-69},
}
@Misc{moreira,
author = {Mario E. Moreira},
title = {The 3 Software Configuration Management Implementation Levels},
year = {1999},
}
@InBook{leon,
author = {Alexis Leon},
title = {A Guide to Software Configuration Management},
chapter = {11},
publisher = {Artech House, Inc.},
year = {2000},
pages = {151-172},
}
@Misc{bret,
author = {Tom Bret},
title = {Parallel Development Strategies for Software Configuration Management},
year = {2004},
howpublished = {\url{http://www.methodsandtools.com/archive/archive.php?id=12}},
}
@Book{berczuk,
author = {Stephen P. Berczuk and Brad Appleton},
title = {Software Configuration Management Patterns: Effective Teamwork, Practical Integration},
publisher = {Pearson Education, Inc.},
year = {2004},
edition = {$3^{rd}$},
month = {July},
}
@Article{bersoff,
author = {Edward H. Bersoff},
title = {Elements of Software Configuration Management},
journal = {IEEE Transactions of Software Engineering},
year = {1984},
volume = {SE-10},
number = {1},
pages = {79-87},
month = {January},
}
@InBook{compton,
author = {Stephen B. Compton and Guy R. Conner},
title = {Configuration Management for Software},
chapter = {3},
publisher = {Van Nostrand Reinhold},
year = {1994},
pages = {40-57},
}
@InBook{mikkelsen-pherigo,
author = {Tim Mikkelsen and Suzanne Pherigo},
title = {Practical Software Configuration Management -- The Latenight Developer's Handbook},
chapter = {3},
publisher = {Prentice-Hall, Inc.},
year = {1997},
}
@Misc{appleton,
author = {Brad Appleton and Stephen P. Berczuk and Ralph Cabrera and Robert Orenstein},
title = {Streamed Lines - Branching Patterns for Parallel Software Development, },
publisher = {Pearson Education, Inc.},
year = {1998},
url = {http://www.enteract.com/~bradapp/acme/branching/},
}



